<?xml version="1.0" encoding="UTF-8"?><record xmlns="http://www.loc.gov/MARC21/slim" xmlns:cinclude="http://apache.org/cocoon/include/1.0" xmlns:zs="http://www.loc.gov/zing/srw/">
  <leader>01396cz  a2200205n  4500</leader>
  <controlfield tag="001">no2002066194</controlfield>
  <controlfield tag="003">DLC</controlfield>
  <controlfield tag="005">20130320092144.0</controlfield>
  <controlfield tag="008">020724n| azannaabn          |a ana     c</controlfield>
  <datafield tag="010" ind1=" " ind2=" ">
    <subfield code="a">no2002066194</subfield>
  </datafield>
  <datafield tag="035" ind1=" " ind2=" ">
    <subfield code="a">(OCoLC)oca05819366</subfield>
  </datafield>
  <datafield tag="040" ind1=" " ind2=" ">
    <subfield code="a">AzTeS</subfield>
    <subfield code="b">eng</subfield>
    <subfield code="e">rda</subfield>
    <subfield code="c">AzTeS</subfield>
    <subfield code="d">AzTeS</subfield>
    <subfield code="d">DLC</subfield>
  </datafield>
  <datafield tag="110" ind1="2" ind2=" ">
    <subfield code="a">Transitional Independent Living Program (Ariz.)</subfield>
  </datafield>
  <datafield tag="410" ind1="1" ind2=" ">
    <subfield code="a">Arizona.</subfield>
    <subfield code="b">Department of Economic Security.</subfield>
    <subfield code="b">Division of Children, Youth and Families.</subfield>
    <subfield code="b">Transitional Independent Living Program</subfield>
  </datafield>
  <datafield tag="410" ind1="1" ind2=" ">
    <subfield code="a">Arizona.</subfield>
    <subfield code="b">Department of Economic Security.</subfield>
    <subfield code="b">Transitional Independent Living Program</subfield>
  </datafield>
  <datafield tag="510" ind1="1" ind2=" ">
    <subfield code="w">r</subfield>
    <subfield code="i">Hierarchical superior:</subfield>
    <subfield code="a">Arizona.</subfield>
    <subfield code="b">Department of Economic Security.</subfield>
    <subfield code="b">Division of Children, Youth and Families</subfield>
  </datafield>
  <datafield tag="667" ind1=" " ind2=" ">
    <subfield code="a">Provides transition services to eligible youth ages 18-20 who were previously a ward of the county or tribal court at age 16 or older. Not the same as the department's Independent Living Program.</subfield>
  </datafield>
  <datafield tag="670" ind1=" " ind2=" ">
    <subfield code="a">Annual report, 2000:</subfield>
    <subfield code="b">t.p. (Administered by the Arizona Department of Economic Security, Division of Children, Youth and Families, the Transitional Independent Living Program provides us with resources to serve foster children to achieve independence...)</subfield>
  </datafield>
  <datafield tag="670" ind1=" " ind2=" ">
    <subfield code="a">Arizona Revised Statutes:</subfield>
    <subfield code="b">Sect. 8-521.01 (Transitional Independent Living Program)</subfield>
  </datafield>
  <datafield tag="670" ind1=" " ind2=" ">
    <subfield code="a">Session laws, State of Arizona, 2000:</subfield>
    <subfield code="b">Ch. 285, p. 2017 (Transitional Independent Living Program)</subfield>
  </datafield>
</record>